Bibliography

@article{doi:10.1063/1.4887740,
  author  = {Koh,Hock Lye  and Teh,Su Yean  and Wong,Chin Keat  and Lim,Hooi Kie  and Migin,Melissa W. },
  title   = {Improving queuing service at McDonald's},
  journal = {AIP Conference Proceedings},
  volume  = {1605},
  number  = {1},
  pages   = {1073-1078},
  year    = {2014},
  doi     = {10.1063/1.4887740},
  url     = { 
        https://aip.scitation.org/doi/abs/10.1063/1.4887740
    
}
}
